%% This BibTeX bibliography file was created using BibDesk.
%% https://bibdesk.sourceforge.io/

%% Created for Eldar Kurbanov at 2022-06-09 00:29:57 +0300 


%% Saved with string encoding Unicode (UTF-8) 



@online{gpio-limits,
	author = {Trumany},
	date-added = {2022-06-09 00:28:33 +0300},
	date-modified = {2022-06-09 00:29:54 +0300},
	journal = {NVIDIA Forums},
	language = {english},
	medium = {Электронный ресурс},
	title = {What is the Max Input Frequency supported by J41 header GPIO pins?},
	url = {https://forums.developer.nvidia.com/t/what-is-the-max-input-frequency-supported-by-j41-header-gpio-pins/76935},
	urldate = {08.06.2022},
	year = {2019},
	bdsk-url-1 = {http://www.kit-e.ru/articles/elcomp/2006%5C_12%5C_124.php}}

@article{hole-signal,
	author = {Girovsk{\'y}, Peter and Fekete, Jakub},
	date-added = {2022-06-08 23:36:07 +0300},
	date-modified = {2022-06-08 23:37:30 +0300},
	doi = {10.15546/aeei-2017-0016},
	journal = {Acta Electrotechnica et Informatica},
	language = {english},
	month = {06},
	pages = {48-52},
	title = {Maintaining Vehicle Speed Using a Mechanical Cruise Control},
	volume = {17},
	year = {2017},
	bdsk-url-1 = {https://doi.org/10.15546/aeei-2017-0016}}

@online{grove,
	date-added = {2022-06-08 22:20:12 +0300},
	date-modified = {2022-06-08 22:21:55 +0300},
	journal = {seeed studio},
	language = {english},
	medium = {Электронный ресурс},
	title = {Grove - I2C Motor Driver V1.3},
	url = {https://wiki.seeedstudio.com/Grove-I2C_Motor_Driver_V1.3/},
	urldate = {08.06.2022},
	year = {2021},
	bdsk-url-1 = {http://www.kit-e.ru/articles/elcomp/2006%5C_12%5C_124.php}}

@online{motor,
	author = {Yu Yichone},
	date-added = {2022-06-07 22:17:49 +0300},
	date-modified = {2022-06-07 22:18:55 +0300},
	journal = {GitHub},
	language = {english},
	medium = {Электронный ресурс},
	title = {Gear Motor User Manual-SR04},
	url = {https://github.com/SmartArduino/XPT/blob/master/GM25-370DataSheetSR04-T2.pdf},
	urldate = {07.06.2022},
	year = {2017},
	bdsk-url-1 = {http://www.kit-e.ru/articles/elcomp/2006%5C_12%5C_124.php}}

@online{chassis,
	author = {DoRobot Store},
	date-added = {2022-06-07 22:07:49 +0300},
	date-modified = {2022-06-07 22:09:14 +0300},
	journal = {AliExpress},
	language = {russian},
	medium = {Электронный ресурс},
	title = {TS100 металлический радиоуправляемый робот-танк, автомобильный шасси, амортизационная машина с системой подвески, гусеничная гусеница для Arduino, игрушка «сделай сам»},
	url = {https://aliexpress.ru/item/32876365731.html},
	urldate = {07.06.2022},
	bdsk-url-1 = {http://www.kit-e.ru/articles/elcomp/2006%5C_12%5C_124.php}}

@online{csi-camera,
	date-added = {2022-06-07 21:20:48 +0300},
	date-modified = {2022-06-07 21:22:05 +0300},
	journal = {chipdip},
	language = {russian},
	medium = {Электронный ресурс},
	title = {Raspberry Pi Camera V2, Модуль камеры для одноплатного компьютера Raspberry Pi, сенсор Sony IMX219 8-Мп},
	url = {https://www.chipdip.ru/product/raspberry-pi-camera-v2},
	urldate = {07.06.2022},
	bdsk-url-1 = {https://www.chipdip.ru/product/raspberry-pi-camera-v2}}

@online{compare-csi-usb,
	author = {Prabu Kumar},
	date-added = {2022-06-06 23:43:22 +0300},
	date-modified = {2022-06-06 23:44:38 +0300},
	journal = {e-con Systems},
	language = {english},
	medium = {Электронный ресурс},
	title = {MIPI camera vs USB camera -- a detailed comparison},
	url = {https://www.e-consystems.com/blog/camera/technology/mipi-camera-vs-usb-camera-a-detailed-comparison/},
	urldate = {06.06.2022},
	year = {2021},
	bdsk-url-1 = {http://www.kit-e.ru/articles/elcomp/2006%5C_12%5C_124.php}}

@online{depth-cameras,
	author = {Dmitriy Vatolin},
	date-added = {2022-06-06 22:42:12 +0300},
	date-modified = {2022-06-06 22:44:17 +0300},
	journal = {Хабр},
	language = {russian},
	medium = {Электронный ресурс},
	number = {1},
	title = {Камеры глубины --- тихая революция (когда роботы будут видеть) Часть 1},
	url = {https://habr.com/ru/post/457524/?},
	urldate = {06.06.2022},
	year = {2019},
	bdsk-url-1 = {http://www.kit-e.ru/articles/elcomp/2006%5C_12%5C_124.php}}

@online{kinect-picture,
	author = {Evan-Amos},
	date-added = {2022-06-06 22:16:56 +0300},
	date-modified = {2022-06-06 22:18:18 +0300},
	journal = {Викисклад},
	language = {russian},
	medium = {Электронный ресурс},
	title = {The Microsoft Kinect peripheral for the Xbox 360},
	url = {https://commons.wikimedia.org/wiki/File:Xbox-360-Kinect-Standalone.png?uselang=ru},
	urldate = {06.06.2022},
	year = {2011},
	bdsk-url-1 = {http://www.kit-e.ru/articles/elcomp/2006%5C_12%5C_124.php}}

@book{Borozda,
	address = {Владивосток},
	author = {Борозда, И. В. and Воронин, Н. И. and Бушманов, А. В.},
	date-added = {2022-06-06 22:09:26 +0300},
	date-modified = {2022-06-06 22:09:26 +0300},
	language = {russian},
	numpages = {195},
	publisher = {Дальнаука},
	title = {Лечение сочетанных повреждений таза},
	year = {2009}}

@book{Razumovski,
	address = {М.},
	author = {Разумовский, В. А. and Андреев, Д. А.},
	date-added = {2022-06-06 22:05:46 +0300},
	date-modified = {2022-06-06 22:05:46 +0300},
	language = {russian},
	note = {Деп. в ИНИОН Рос. акад. наук 15.02.02, № 139876},
	numpages = {210},
	title = {Управление маркетинговыми исследованиями в регионе},
	year = {2002}}

@online{kinect-depth,
	author = {Mark Wilson},
	date-added = {2022-06-06 22:03:42 +0300},
	date-modified = {2022-06-06 22:05:04 +0300},
	journal = {Gizmodo},
	language = {english},
	medium = {Электронный ресурс},
	title = {Testing Project Natal: We Touched the Intangible},
	url = {https://gizmodo.com/testing-project-natal-we-touched-the-intangible-5277954},
	urldate = {06.06.2022},
	year = {2009},
	bdsk-url-1 = {http://www.kit-e.ru/articles/elcomp/2006%5C_12%5C_124.php}}

@online{realsense,
	date-added = {2022-06-06 22:00:59 +0300},
	date-modified = {2022-06-06 22:03:15 +0300},
	journal = {Intel},
	language = {english},
	medium = {Электронный ресурс},
	title = {Intel{\textregistered} RealSense{\texttrademark} Depth Camera D455},
	url = {https://www.intelrealsense.com/depth-camera-d455/},
	urldate = {06.06.2022},
	year = {2022},
	bdsk-url-1 = {http://www.kit-e.ru/articles/elcomp/2006%5C_12%5C_124.php}}

@book{runtime,
	address = {Boston},
	author = {Aho, Alfred V and Ravi Sethi and Jeffrey D. Ullman},
	date-added = {2022-06-05 20:25:24 +0300},
	date-modified = {2022-06-06 22:11:37 +0300},
	edition = {2nd edition},
	publisher = {Pearson/Addison Wesley},
	title = {Compilers : principles, techniques, & tools},
	year = {2006}}

@book{Sychev,
	address = {Астрахань},
	author = {Сычёв, М. С.},
	language = {russian},
	numpages = {231},
	publisher = {Волга},
	title = {История Астраханского казачьего войска : учебное пособие},
	year = {2009}}

@book{Sokolov,
	address = {Астрахань},
	author = {Соколов, А. Н. and Сердобинцев, К. С.},
	editor = {Бочарова, В. М.},
	language = {russian},
	numpages = {218},
	publisher = {Калиниградский ЮИ МВД России},
	title = {Гражданское общество: проблемы формирования и развития (философский и юридический аспекты) : монография},
	year = {2009}}

@book{Gaidaenko,
	address = {М.},
	author = {Гайдаенко, Т. А.},
	edition = {{}3-е изд, перераб. и доп.},
	language = {russian},
	numpages = {508},
	publisher = {Эксмо: МИРБИС},
	title = {Маркетинговое управление: принципы управленческих решений и российская практика},
	year = {2008}}

@book{Lermontov,
	address = {М.},
	author = {Лермонтов, Михаил Юрьевич},
	language = {russian},
	note = {4 т.},
	publisher = {Терра-Кн. клуб},
	title = {Собрание сочинений: в 4 т.},
	year = {2009}}

@book{Management,
	address = {Нижний новгород},
	language = {russian},
	numpages = {243},
	publisher = {Изд-во Нижегородского университета},
	title = {Управление бизнесом : сборник статей},
	year = {2009}}

@book{Marketing,
	address = {М.},
	author = {Михненков, О. В. and Коготкова, И. З. and Генкин, Е. В. and Сороко, Г. Я.},
	language = {russian},
	numpages = {59},
	publisher = {Государственный университет управления},
	title = {Маркетинговые исследования в строительстве : учебное пособие для студентов специальности «Менеджмент организаций»},
	year = {2005}}

@book{Constitution,
	address = {М.},
	language = {russian},
	numpages = {39},
	publisher = {Маркетинг},
	title = {Конституция Российской Федерации : офиц. текст.},
	year = {2001}}

@book{FamilyCode,
	address = {СПб.},
	language = {russian},
	numpages = {94},
	publisher = {Стаун-кантри},
	title = {Семейный кодекс Российской Федерации : [федер. закон: принят Гос. Думой 8 дек. 1995~г. : по состоянию на 3~янв. 2001~г.]},
	year = {2001}}

@book{Gost.7.0.53,
	address = {М.},
	language = {russian},
	numpages = {5},
	publisher = {Стандартинформ},
	title = {ГОСТ Р 7.0.53-2007 Система стандартов по информации, библиотечному и издательскому делу. Издания. Международный стандартный книжный номер. Использование и издательское оформление.},
	year = {2007}}

@book{robotization,
	author = {Евгений Сергеев},
	date-modified = {2022-06-06 22:08:25 +0300},
	language = {russian},
	numpages = {200},
	publisher = {Издательские решения},
	title = {Стратегия новой индустриализации России: автоматизация, роботизация, нанотехнологии},
	year = {2016}}

@book{Lagkueva,
	address = {М.},
	author = {Лагкуева, Ирина Владимировна},
	language = {russian},
	numpages = {168},
	title = {Особенности регулирования труда творческих работников театров : дис. ... канд. юрид. наук : 12.00.05},
	year = {2009}}

@book{Pokrovski,
	address = {М.},
	author = {Покровский, Андрей Владимирович},
	language = {russian},
	numpages = {178},
	title = {Устранимые особенности решений эллиптических уравнений : дис. ... д-ра физ.-мат. наук : 01.01.01},
	year = {2008}}

@book{Sirotko,
	address = {М.},
	author = {Сиротко, Владимир Викторович},
	language = {russian},
	numpages = {26},
	title = {Медико-социальные аспекты городского травматизма в современных условиях : автореф. дис. ... канд. мед. наук : 14.00.33},
	year = {2006}}

@thesis{Sirotko2,
	address = {М.},
	author = {Сиротко, Владимир Викторович},
	language = {russian},
	media = {text},
	pagetotal = {26},
	science = {мед. наук},
	specialitycode = {14.00.33},
	title = {Медико-социальные аспекты городского травматизма в современных условиях},
	type = {phdautoref},
	year = {2006}}

@book{Lukina,
	address = {СПб.},
	author = {Лукина, Валентина Александровна},
	language = {russian},
	numpages = {26},
	title = {Творческая история «Записок охотника» И. С. Тургенева : автореф. дис. ... канд. филол. наук : 10.01.01},
	year = {2006}}

@thesis{Lukina2,
	address = {СПб.},
	author = {Лукина, Валентина Александровна},
	language = {russian},
	media = {text},
	pagetotal = {26},
	science = {филол. наук},
	specialitycode = {10.01.01},
	title = {Творческая история «Записок охотника» И. С. Тургенева},
	type = {phdautoref},
	year = {2006}}

@book{Methodology,
	address = {Екатеринбург},
	author = {Загорюев, А. Л.},
	institution = {Уральский институт практической психологии},
	language = {russian},
	numpages = {102},
	title = {Методология и методы изучения военно-профессиональной направленности подростков : отчёт о НИР},
	year = {2008}}

@book{Encyclopedia,
	address = {М.},
	language = {russian},
	note = {1 электрон. опт. диск (CD-ROM)},
	publisher = {Большая Рос. энкцикл.},
	title = {Художественная энциклопедия зарубежного классического искусства [Электронный ресурс]},
	year = {1996}}

@book{Encyclopedia2,
	address = {М.},
	language = {russian},
	media = {eresource},
	note = {1 электрон. опт. диск (CD-ROM)},
	publisher = {Большая Рос. энкцикл.},
	title = {Художественная энциклопедия зарубежного классического искусства},
	year = {1996}}

@article{Nasirova,
	author = {Насырова, Г. А.},
	journal = {Вестник Финансовой академии},
	language = {russian},
	note = {Режим доступа: http://vestnik.fa.ru/4(28)2003/4.html},
	number = {4},
	title = {Модели государственного регулирования страховой деятельности [Электронный ресурс]},
	year = {2003}}

@article{Nasirova2,
	author = {Насырова, Г. А.},
	journal = {Вестник Финансовой академии},
	language = {russian},
	media = {eresource},
	note = {Режим доступа: http://vestnik.fa.ru/4(28)2003/4.html},
	number = {4},
	title = {Модели государственного регулирования страховой деятельности},
	year = {2003}}

@article{Berestova,
	author = {Берестова, Т. Ф.},
	journal = {Библиография},
	language = {russian},
	number = {4},
	pages = {19},
	title = {Поисковые инструменты библиотеки},
	year = {2006}}

@article{Kriger,
	author = {Кригер, И.},
	journal = {Новая газета},
	language = {russian},
	note = {1 июля},
	title = {Бумага терпит},
	year = {2009}}

@article{Article,
	author = {Peter Adams},
	journal = {The name of the journal},
	language = {english},
	month = {7},
	note = {An optional note},
	number = {2},
	pages = {201-213},
	title = {The title of the work},
	volume = {4},
	year = {1993}}

@book{Book,
	address = {The address},
	author = {Peter Babington},
	edition = {3},
	isbn = {3257227892},
	language = {english},
	month = {7},
	note = {An optional note},
	publisher = {The name of the publisher},
	series = {10},
	title = {The title of the work},
	volume = {4},
	year = {1993}}

@booklet{Booklet,
	address = {The address of the publisher},
	author = {Peter Caxton},
	howpublished = {How it was published},
	language = {english},
	month = {7},
	note = {An optional note},
	title = {The title of the work},
	year = {1993}}

@conference{Conference,
	address = {The address of the publisher},
	author = {Peter Draper},
	booktitle = {The title of the book},
	editor = {The editor},
	language = {english},
	month = {7},
	note = {An optional note},
	organization = {The organization},
	pages = {213},
	publisher = {The publisher},
	series = {5},
	title = {The title of the work},
	volume = {4},
	year = {1993}}

@inbook{Inbook,
	address = {The address of the publisher},
	author = {Peter Eston},
	booktitle = {Book title},
	chapter = {8},
	edition = {3},
	language = {english},
	month = {7},
	note = {An optional note},
	pages = {201-213},
	publisher = {The name of the publisher},
	series = {5},
	title = {The title of the work},
	volume = {4},
	year = {1993}}

@incollection{Incollection,
	address = {The address of the publisher},
	author = {Peter Farindon},
	booktitle = {The title of the book},
	chapter = {8},
	edition = {3},
	editor = {The editor},
	language = {english},
	month = {7},
	note = {An optional note},
	pages = {201-213},
	publisher = {The name of the publisher},
	series = {5},
	title = {The title of the work},
	volume = {4},
	year = {1993}}

@manual{Manual,
	address = {The address of the publisher},
	author = {Peter Gainsford},
	edition = {3},
	language = {english},
	month = {7},
	note = {An optional note},
	organization = {The organization},
	title = {The title of the work},
	year = {1993}}

@mastersthesis{Mastersthesis,
	address = {The address of the publisher},
	author = {Peter Harwood},
	language = {english},
	month = {7},
	note = {An optional note},
	school = {The school where the thesis was written},
	title = {The title of the work},
	year = {1993}}

@misc{Misc,
	author = {Peter Isley},
	howpublished = {How it was published},
	language = {english},
	month = {7},
	note = {An optional note},
	title = {The title of the work},
	year = {1993}}

@phdthesis{Phdthesis,
	address = {The address of the publisher},
	author = {Peter Joslin},
	language = {english},
	month = {7},
	note = {An optional note},
	school = {The school where the thesis was written},
	title = {The title of the work},
	year = {1993}}

@proceedings{Proceedings,
	address = {The address of the publisher},
	editor = {Peter Kidwelly},
	language = {english},
	month = {7},
	note = {An optional note},
	organization = {The organization},
	publisher = {The name of the publisher},
	series = {5},
	title = {The title of the work},
	volume = {4},
	year = {1993}}

@techreport{Techreport,
	address = {The address of the publisher},
	author = {Peter Lambert},
	institution = {The institution that published},
	language = {english},
	month = {7},
	note = {An optional note},
	number = {2},
	title = {The title of the work},
	year = {1993}}

@unpublished{Unpublished,
	author = {Peter Marcheford},
	language = {english},
	month = {7},
	note = {An optional note},
	title = {The title of the work},
	year = {1993}}

@online{medvedev2006jelektronnye,
	author = {Медведев, А. М.},
	journal = {Компоненты и технологии},
	language = {russian},
	medium = {Электронный ресурс},
	number = {12},
	pages = {124--134},
	title = {Электронные компоненты и монтажные подложки},
	url = {http://www.kit-e.ru/articles/elcomp/2006\_12\_124.php},
	urldate = {19.01.2015},
	year = {2006},
	bdsk-url-1 = {http://www.kit-e.ru/articles/elcomp/2006%5C_12%5C_124.php}}

@article{CEAT:CEAT581,
	author = {Deiters, U. K.},
	doi = {10.1002/1521-4125(200007)23:7<581::AID-CEAT581>3.0.CO;2-P},
	issn = {1521-4125},
	journal = {Chemical Engineering \& Technology},
	language = {english},
	number = {7},
	pages = {581--584},
	publisher = {WILEY-VCH Verlag},
	title = {A Modular Program System for the Calculation of Thermodynamic Properties of Fluids},
	volume = {23},
	year = {2000},
	bdsk-url-1 = {https://doi.org/10.1002/1521-4125(200007)23:7%3C581::AID-CEAT581%3E3.0.CO;2-P}}

@article{doi:10.1080/01932691.2010.513279,
	author = {Young-Sang Cho and Young Kuk Kim and Kook Chae Chung and Chul Jin Choi},
	doi = {10.1080/01932691.2010.513279},
	journal = {Journal of Dispersion Science and Technology},
	language = {english},
	number = {10},
	pages = {1408-1415},
	title = {Deformation of Colloidal Crystals for Photonic Band Gap Tuning},
	volume = {32},
	year = {2011},
	bdsk-url-1 = {https://doi.org/10.1080/01932691.2010.513279}}

@article{Gosele1999161,
	author = {G{\"o}sele, U. and Tong, Q.-Y. and Schumacher, A. and Kr{\"a}uter, G. and Reiche, M. and Pl{\"o}{\ss}l, A. and Kopperschmidt, P. and Lee, T.-H. and Kim, W.-J.},
	doi = {10.1016/S0924-4247(98)00310-0},
	issn = {0924-4247},
	journal = {Sensors and Actuators A: Physical},
	keywords = {Hydrophobic bonding},
	language = {russian},
	number = {1--3},
	pages = {161 - 168},
	title = {Wafer bonding for microsystems technologies},
	volume = {74},
	year = {1999},
	bdsk-url-1 = {https://doi.org/10.1016/S0924-4247(98)00310-0}}

@incollection{Li2007StressAnalysis,
	author = {Li, Li and Guo, Yifan and Zheng, Dawei},
	booktitle = {Micro- and Opto-Electronic Materials and Structures: Physics, Mechanics, Design, Reliability, Packaging},
	doi = {10.1007/0-387-32989-7_45},
	editor = {Suhir, E. and Lee, Y. C. and Wong, C. P.},
	isbn = {978-0-387-27974-9},
	language = {english},
	pages = {B677-B709},
	publisher = {Springer US},
	title = {Stress Analysis for Processed Silicon Wafers and Packaged Micro-devices},
	year = {2007},
	bdsk-url-1 = {https://doi.org/10.1007/0-387-32989-7_45}}

@article{Shoji199895,
	author = {Shuichi Shoji and Hiroto Kikuchi and Hirotaka Torigoe},
	doi = {10.1016/S0924-4247(97)01659-2},
	issn = {0924-4247},
	journal = {Sensors and Actuators A: Physical},
	keywords = {Glass ceramic},
	note = {Tenth {IEEE} International Workshop on Micro Electro Mechanical Systems},
	number = {1},
	pages = {95 - 100},
	title = {Low-temperature anodic bonding using lithium aluminosilicate-\(\beta\)-quartz glass ceramic},
	volume = {64},
	year = {1998},
	bdsk-url-1 = {https://doi.org/10.1016/S0924-4247(97)01659-2}}

@inproceedings{test:eisner-sample,
	author = {Damianos Karakos and Sanjeev Khudanpur and Jason Eisner and Carey~E. Priebe},
	booktitle = {Proceedings of ICASSP},
	title = {Iterative denoising using {J}ensen-{R}enyi divergences with an application to unsupervised document categorization},
	url = {http://cs.jhu.edu/~jason/papers/\#icassp07},
	year = 2007,
	bdsk-url-1 = {http://cs.jhu.edu/~jason/papers/%5C#icassp07}}

@inproceedings{test:eisner-sample-shorted,
	author = {Damianos Karakos and Sanjeev Khudanpur and Jason Eisner and Carey~E. Priebe},
	booktitle = {Proceedings of ICASSP},
	shortbooktitle = {Proc. of ICASSP},
	title = {Iterative denoising using {J}ensen-{R}enyi divergences with an application to unsupervised document categorization},
	url = {http://cs.jhu.edu/~jason/papers/\#icassp07},
	year = 2007,
	bdsk-url-1 = {http://cs.jhu.edu/~jason/papers/%5C#icassp07}}

@book{iofis_patent1960,
	author = {Иофис, Н. А.},
	language = {russian},
	numpages = {Бюл. № 5.~1},
	title = {Способ пайки керамики с~керамикой и~стекла с~металлом : а.\,с.~126728 СССР},
	year = {1960}}

@book{AB_patent_Pomerantz_1968,
	author = {Pomerantz, D. I.},
	language = {english},
	title = {Anodic bonding : patent no. 3397278 US},
	year = {1968}}

@patent{patent2h,
	author = {Тернер, Э. В.},
	authortype = {США},
	credits = {патент. поверенный Егорова Г. Б.},
	date = {2000-04-07},
	heading = {Заявка 1095735 Рос. федерация, МПК\ensuremath{^7} B 64 G 1/00},
	holder = {{заявитель Спейс Системз/Лорал, инк.}},
	language = {russian},
	media = {text},
	pagetotal = {5 с.~: ил.},
	prcountry = {countryus},
	prdate = {1999-04-09},
	prnumber = {09/289, 037},
	publdate = {2001-03-10},
	publication = {Бюл. № 7 (I ч.)\midsentence},
	reqnumber = {2000108705/28},
	title = {Одноразовая ракета-носитель}}

@patent{patent3h,
	author = {В. С. Ваулин and В. Г. Кемайкин},
	authortype = {СССР},
	date = {1981-11-23},
	heading = {А. с. 1007970 СССР, МКИ\ensuremath{^3} В 25.1 15/00},
	language = {russian},
	media = {text},
	pagetotal = {2 с.~: ил.},
	publdate = {1983-03-30},
	publication = {Бюл. № 12},
	reqnumber = {3360585/25-08},
	title = {Устройство для захвата неориентированных деталей типа валов}}

@patent{patent2,
	author = {Тернер, Э. В.},
	authortype = {США},
	credits = {патент. поверенный Егорова Г. Б.},
	date = {2000-04-07},
	holder = {{заявитель Спейс Системз/Лорал, инк.}},
	ipc = {МПК\ensuremath{^7} B 64 G 1/00},
	language = {russian},
	location = {countryru},
	media = {text},
	number = 1095735,
	pagetotal = {5 с.~: ил.},
	prioritycountry = {countryus},
	prioritydate = {1999-04-09},
	prioritynumber = {09/289, 037},
	publdate = {2001-03-10},
	publication = {Бюл. № 7 (I ч.)\midsentence},
	reqnumber = {2000108705/28},
	title = {Одноразовая ракета-носитель},
	type = {patreq}}

@book{sobenin_kdv,
	author = {О. А. Вальднер and Н. П. Собенин and Б. В. Зверев and И. С. Щедрин},
	edition = 3,
	isbn = {5-283-03960-9},
	language = {russian},
	location = {М.},
	options = {maxnames=4},
	pagetotal = 280,
	publisher = {Энергоатомиздат},
	subtitle = {Справочник},
	title = {Диафрагмированные волноводы},
	year = 1991}

@inproceedings{initials,
	author = {Ya.Yu. Ivanov},
	booktitle = {Proc. of {IPAC'10}},
	language = {english},
	location = {Geneva},
	month = 5,
	options = {giveninits=false},
	pages = {1234 -- 4321},
	publisher = {JACoW Publishing},
	title = {Stabilization of the initials in the bibliography entries},
	venue = {Kyoto, Japan},
	year = 2010}
